{"sale_date":"2020-06-20","total_revenue":11694.98,"total_orders":1,"average_order_value":11694.98}
{"sale_date":"2020-01-05","total_revenue":32715.68,"total_orders":1,"average_order_value":32715.68}
{"sale_date":"2024-02-28","total_revenue":51476.04,"total_orders":1,"average_order_value":51476.04}
{"sale_date":"2024-02-08","total_revenue":62500.9,"total_orders":1,"average_order_value":62500.9}
{"sale_date":"2023-04-26","total_revenue":24263.74,"total_orders":1,"average_order_value":24263.74}
{"sale_date":"2024-04-10","total_revenue":11834.0,"total_orders":1,"average_order_value":11834.0}
{"sale_date":"2019-04-18","total_revenue":1016.32,"total_orders":1,"average_order_value":1016.32}
{"sale_date":"2024-07-11","total_revenue":39943.2,"total_orders":1,"average_order_value":39943.2}
{"sale_date":"2019-03-03","total_revenue":3969.0,"total_orders":1,"average_order_value":3969.0}
{"sale_date":"2018-08-09","total_revenue":14409.44,"total_orders":1,"average_order_value":14409.44}
{"sale_date":"2018-10-25","total_revenue":2511.88,"total_orders":1,"average_order_value":2511.88}
{"sale_date":"2020-11-19","total_revenue":16205.42,"total_orders":1,"average_order_value":16205.42}
{"sale_date":"2019-08-01","total_revenue":18628.48,"total_orders":1,"average_order_value":18628.48}
{"sale_date":"2022-05-16","total_revenue":2921.92,"total_orders":1,"average_order_value":2921.92}
{"sale_date":"2019-03-11","total_revenue":33481.8,"total_orders":1,"average_order_value":33481.8}
{"sale_date":"2023-03-19","total_revenue":4485.5,"total_orders":1,"average_order_value":4485.5}
{"sale_date":"2019-10-06","total_revenue":16609.11,"total_orders":1,"average_order_value":16609.11}
{"sale_date":"2018-11-11","total_revenue":56242.34,"total_orders":1,"average_order_value":56242.34}
{"sale_date":"2020-05-30","total_revenue":14285.92,"total_orders":1,"average_order_value":14285.92}
{"sale_date":"2023-07-19","total_revenue":39268.9,"total_orders":1,"average_order_value":39268.9}
{"sale_date":"2022-11-14","total_revenue":8047.5,"total_orders":1,"average_order_value":8047.5}
{"sale_date":"2022-10-19","total_revenue":3772.23,"total_orders":1,"average_order_value":3772.23}
{"sale_date":"2018-03-28","total_revenue":26072.01,"total_orders":1,"average_order_value":26072.01}
{"sale_date":"2021-11-02","total_revenue":10082.88,"total_orders":1,"average_order_value":10082.88}
{"sale_date":"2023-05-19","total_revenue":14353.6,"total_orders":1,"average_order_value":14353.6}
{"sale_date":"2021-01-11","total_revenue":661.5,"total_orders":1,"average_order_value":661.5}
{"sale_date":"2020-07-12","total_revenue":35569.13,"total_orders":1,"average_order_value":35569.13}
{"sale_date":"2021-06-23","total_revenue":37914.8,"total_orders":1,"average_order_value":37914.8}
{"sale_date":"2020-02-05","total_revenue":44465.88,"total_orders":1,"average_order_value":44465.88}
{"sale_date":"2020-03-05","total_revenue":53412.42,"total_orders":2,"average_order_value":26706.21}
{"sale_date":"2019-01-12","total_revenue":4403.84,"total_orders":1,"average_order_value":4403.84}
{"sale_date":"2021-01-20","total_revenue":12618.48,"total_orders":1,"average_order_value":12618.48}
{"sale_date":"2024-07-23","total_revenue":54798.18,"total_orders":1,"average_order_value":54798.18}
{"sale_date":"2019-04-21","total_revenue":70828.8,"total_orders":1,"average_order_value":70828.8}
{"sale_date":"2018-12-01","total_revenue":30092.16,"total_orders":1,"average_order_value":30092.16}
{"sale_date":"2024-12-19","total_revenue":20342.05,"total_orders":1,"average_order_value":20342.05}
{"sale_date":"2024-07-05","total_revenue":29064.7,"total_orders":1,"average_order_value":29064.7}
{"sale_date":"2018-03-21","total_revenue":18.88,"total_orders":1,"average_order_value":18.88}
{"sale_date":"2022-08-25","total_revenue":35000.24,"total_orders":1,"average_order_value":35000.24}
{"sale_date":"2024-10-06","total_revenue":58023.7,"total_orders":1,"average_order_value":58023.7}
{"sale_date":"2020-04-23","total_revenue":15901.92,"total_orders":1,"average_order_value":15901.92}
{"sale_date":"2021-03-16","total_revenue":57951.04,"total_orders":1,"average_order_value":57951.04}
{"sale_date":"2021-03-22","total_revenue":11854.92,"total_orders":1,"average_order_value":11854.92}
{"sale_date":"2018-08-18","total_revenue":62988.03,"total_orders":1,"average_order_value":62988.03}
{"sale_date":"2021-08-13","total_revenue":31539.06,"total_orders":1,"average_order_value":31539.06}
{"sale_date":"2021-07-03","total_revenue":49113.24,"total_orders":1,"average_order_value":49113.24}
{"sale_date":"2018-05-16","total_revenue":32509.12,"total_orders":1,"average_order_value":32509.12}
{"sale_date":"2019-01-11","total_revenue":14484.45,"total_orders":1,"average_order_value":14484.45}
{"sale_date":"2021-04-26","total_revenue":54828.3,"total_orders":1,"average_order_value":54828.3}
{"sale_date":"2023-12-14","total_revenue":41209.96,"total_orders":1,"average_order_value":41209.96}
{"sale_date":"2023-06-25","total_revenue":14437.48,"total_orders":1,"average_order_value":14437.48}
{"sale_date":"2018-03-09","total_revenue":8177.68,"total_orders":1,"average_order_value":8177.68}
{"sale_date":"2019-02-04","total_revenue":15178.79,"total_orders":1,"average_order_value":15178.79}
{"sale_date":"2024-07-02","total_revenue":113.28,"total_orders":1,"average_order_value":113.28}
{"sale_date":"2018-01-04","total_revenue":39084.08,"total_orders":1,"average_order_value":39084.08}
{"sale_date":"2020-02-08","total_revenue":7100.4,"total_orders":1,"average_order_value":7100.4}
{"sale_date":"2018-08-20","total_revenue":32997.0,"total_orders":1,"average_order_value":32997.0}
{"sale_date":"2024-08-30","total_revenue":13491.2,"total_orders":1,"average_order_value":13491.2}
{"sale_date":"2020-11-27","total_revenue":49191.35,"total_orders":1,"average_order_value":49191.35}
{"sale_date":"2018-06-21","total_revenue":63712.31,"total_orders":1,"average_order_value":63712.31}
{"sale_date":"2020-02-02","total_revenue":34529.55,"total_orders":1,"average_order_value":34529.55}
{"sale_date":"2022-06-24","total_revenue":662.58,"total_orders":1,"average_order_value":662.58}
{"sale_date":"2022-01-21","total_revenue":30194.22,"total_orders":1,"average_order_value":30194.22}
{"sale_date":"2019-06-16","total_revenue":70390.99,"total_orders":1,"average_order_value":70390.99}
{"sale_date":"2023-07-09","total_revenue":82062.09,"total_orders":1,"average_order_value":82062.09}
{"sale_date":"2024-04-22","total_revenue":39630.4,"total_orders":1,"average_order_value":39630.4}
{"sale_date":"2018-06-13","total_revenue":94631.74,"total_orders":1,"average_order_value":94631.74}
{"sale_date":"2018-03-19","total_revenue":79720.32,"total_orders":1,"average_order_value":79720.32}
{"sale_date":"2020-12-07","total_revenue":38690.46,"total_orders":1,"average_order_value":38690.46}
{"sale_date":"2021-03-15","total_revenue":17616.14,"total_orders":1,"average_order_value":17616.14}
{"sale_date":"2024-01-12","total_revenue":42127.04,"total_orders":1,"average_order_value":42127.04}
{"sale_date":"2018-04-24","total_revenue":10459.12,"total_orders":1,"average_order_value":10459.12}
{"sale_date":"2019-02-06","total_revenue":60715.16,"total_orders":1,"average_order_value":60715.16}
{"sale_date":"2021-04-30","total_revenue":5842.76,"total_orders":1,"average_order_value":5842.76}
{"sale_date":"2023-11-06","total_revenue":41118.0,"total_orders":1,"average_order_value":41118.0}
{"sale_date":"2024-06-10","total_revenue":58786.2,"total_orders":2,"average_order_value":29393.1}
{"sale_date":"2021-02-28","total_revenue":41992.02,"total_orders":1,"average_order_value":41992.02}
{"sale_date":"2020-06-11","total_revenue":32509.12,"total_orders":1,"average_order_value":32509.12}
{"sale_date":"2020-01-31","total_revenue":24107.49,"total_orders":1,"average_order_value":24107.49}
{"sale_date":"2021-03-11","total_revenue":27683.4,"total_orders":1,"average_order_value":27683.4}
{"sale_date":"2018-10-09","total_revenue":73554.63,"total_orders":1,"average_order_value":73554.63}
{"sale_date":"2018-05-19","total_revenue":26889.6,"total_orders":1,"average_order_value":26889.6}
{"sale_date":"2020-05-28","total_revenue":53050.24,"total_orders":1,"average_order_value":53050.24}
{"sale_date":"2023-01-19","total_revenue":54628.2,"total_orders":1,"average_order_value":54628.2}
{"sale_date":"2018-07-26","total_revenue":27919.92,"total_orders":1,"average_order_value":27919.92}
{"sale_date":"2024-08-19","total_revenue":543.4,"total_orders":1,"average_order_value":543.4}
{"sale_date":"2019-03-05","total_revenue":56872.2,"total_orders":1,"average_order_value":56872.2}
{"sale_date":"2023-03-13","total_revenue":302.08,"total_orders":1,"average_order_value":302.08}
{"sale_date":"2023-05-07","total_revenue":132.79,"total_orders":1,"average_order_value":132.79}
{"sale_date":"2018-10-06","total_revenue":58036.55,"total_orders":1,"average_order_value":58036.55}
{"sale_date":"2023-09-29","total_revenue":13198.8,"total_orders":1,"average_order_value":13198.8}
{"sale_date":"2021-08-25","total_revenue":16578.2,"total_orders":1,"average_order_value":16578.2}
{"sale_date":"2019-05-25","total_revenue":30771.7,"total_orders":1,"average_order_value":30771.7}
{"sale_date":"2024-11-11","total_revenue":84840.14,"total_orders":1,"average_order_value":84840.14}
{"sale_date":"2019-01-23","total_revenue":21774.56,"total_orders":1,"average_order_value":21774.56}
{"sale_date":"2019-08-07","total_revenue":19378.38,"total_orders":1,"average_order_value":19378.38}
{"sale_date":"2019-10-08","total_revenue":27151.5,"total_orders":1,"average_order_value":27151.5}
{"sale_date":"2022-06-20","total_revenue":710.04,"total_orders":1,"average_order_value":710.04}
{"sale_date":"2018-04-09","total_revenue":42763.14,"total_orders":1,"average_order_value":42763.14}
{"sale_date":"2022-08-24","total_revenue":28775.25,"total_orders":1,"average_order_value":28775.25}
{"sale_date":"2021-05-19","total_revenue":23317.88,"total_orders":1,"average_order_value":23317.88}
{"sale_date":"2021-09-29","total_revenue":28682.24,"total_orders":1,"average_order_value":28682.24}
{"sale_date":"2020-12-13","total_revenue":56597.94,"total_orders":1,"average_order_value":56597.94}
{"sale_date":"2022-10-31","total_revenue":90505.0,"total_orders":1,"average_order_value":90505.0}
{"sale_date":"2021-06-12","total_revenue":25260.88,"total_orders":1,"average_order_value":25260.88}
{"sale_date":"2024-01-04","total_revenue":6241.28,"total_orders":1,"average_order_value":6241.28}
{"sale_date":"2018-05-23","total_revenue":41301.15,"total_orders":1,"average_order_value":41301.15}
{"sale_date":"2023-11-17","total_revenue":3280.2,"total_orders":1,"average_order_value":3280.2}
{"sale_date":"2021-12-15","total_revenue":74601.9,"total_orders":1,"average_order_value":74601.9}
{"sale_date":"2019-06-11","total_revenue":3003.72,"total_orders":1,"average_order_value":3003.72}
{"sale_date":"2024-11-16","total_revenue":37107.05,"total_orders":1,"average_order_value":37107.05}
{"sale_date":"2024-02-17","total_revenue":83042.0,"total_orders":1,"average_order_value":83042.0}
{"sale_date":"2022-02-02","total_revenue":2340.48,"total_orders":1,"average_order_value":2340.48}
{"sale_date":"2021-10-17","total_revenue":8073.9,"total_orders":1,"average_order_value":8073.9}
{"sale_date":"2023-09-30","total_revenue":8432.0,"total_orders":1,"average_order_value":8432.0}
{"sale_date":"2024-07-22","total_revenue":33819.12,"total_orders":1,"average_order_value":33819.12}
{"sale_date":"2019-11-04","total_revenue":30092.16,"total_orders":1,"average_order_value":30092.16}
{"sale_date":"2022-06-13","total_revenue":25752.0,"total_orders":1,"average_order_value":25752.0}
{"sale_date":"2021-08-08","total_revenue":34812.34,"total_orders":1,"average_order_value":34812.34}
{"sale_date":"2024-08-05","total_revenue":679.68,"total_orders":1,"average_order_value":679.68}
{"sale_date":"2021-07-06","total_revenue":1774.72,"total_orders":1,"average_order_value":1774.72}
{"sale_date":"2019-10-21","total_revenue":18919.75,"total_orders":1,"average_order_value":18919.75}
{"sale_date":"2018-03-22","total_revenue":52301.15,"total_orders":1,"average_order_value":52301.15}
{"sale_date":"2020-01-04","total_revenue":1129.04,"total_orders":1,"average_order_value":1129.04}
{"sale_date":"2021-07-10","total_revenue":11294.92,"total_orders":1,"average_order_value":11294.92}
{"sale_date":"2022-04-08","total_revenue":39516.4,"total_orders":1,"average_order_value":39516.4}
{"sale_date":"2020-11-18","total_revenue":67613.04,"total_orders":1,"average_order_value":67613.04}
{"sale_date":"2020-05-02","total_revenue":40081.92,"total_orders":1,"average_order_value":40081.92}
{"sale_date":"2022-12-08","total_revenue":40996.74,"total_orders":1,"average_order_value":40996.74}
{"sale_date":"2021-04-02","total_revenue":41072.02,"total_orders":1,"average_order_value":41072.02}
{"sale_date":"2021-12-16","total_revenue":52944.84,"total_orders":1,"average_order_value":52944.84}
{"sale_date":"2018-02-25","total_revenue":65662.84,"total_orders":1,"average_order_value":65662.84}
{"sale_date":"2022-05-31","total_revenue":17503.2,"total_orders":1,"average_order_value":17503.2}
{"sale_date":"2020-01-02","total_revenue":47291.58,"total_orders":1,"average_order_value":47291.58}
{"sale_date":"2019-01-29","total_revenue":60620.66,"total_orders":1,"average_order_value":60620.66}
{"sale_date":"2021-05-27","total_revenue":29744.64,"total_orders":1,"average_order_value":29744.64}
{"sale_date":"2021-11-30","total_revenue":48062.4,"total_orders":1,"average_order_value":48062.4}
{"sale_date":"2020-05-06","total_revenue":22601.84,"total_orders":1,"average_order_value":22601.84}
{"sale_date":"2018-09-13","total_revenue":33215.84,"total_orders":1,"average_order_value":33215.84}
{"sale_date":"2023-10-04","total_revenue":1731.42,"total_orders":1,"average_order_value":1731.42}
{"sale_date":"2020-05-24","total_revenue":73564.68,"total_orders":1,"average_order_value":73564.68}
{"sale_date":"2018-07-15","total_revenue":45075.36,"total_orders":1,"average_order_value":45075.36}
{"sale_date":"2022-08-19","total_revenue":10860.6,"total_orders":1,"average_order_value":10860.6}
{"sale_date":"2019-12-06","total_revenue":54452.48,"total_orders":1,"average_order_value":54452.48}
{"sale_date":"2018-03-02","total_revenue":11154.36,"total_orders":1,"average_order_value":11154.36}
{"sale_date":"2020-09-24","total_revenue":40560.09,"total_orders":3,"average_order_value":13520.029999999999}
{"sale_date":"2020-02-09","total_revenue":21243.86,"total_orders":1,"average_order_value":21243.86}
{"sale_date":"2020-04-24","total_revenue":6224.96,"total_orders":1,"average_order_value":6224.96}
{"sale_date":"2021-07-25","total_revenue":47891.76,"total_orders":1,"average_order_value":47891.76}
{"sale_date":"2023-05-10","total_revenue":83476.8,"total_orders":1,"average_order_value":83476.8}
{"sale_date":"2023-11-23","total_revenue":30911.34,"total_orders":1,"average_order_value":30911.34}
{"sale_date":"2021-10-26","total_revenue":51392.42,"total_orders":1,"average_order_value":51392.42}
{"sale_date":"2018-10-08","total_revenue":33791.85,"total_orders":1,"average_order_value":33791.85}
{"sale_date":"2022-12-29","total_revenue":32882.4,"total_orders":1,"average_order_value":32882.4}
{"sale_date":"2021-01-04","total_revenue":8451.63,"total_orders":1,"average_order_value":8451.63}
{"sale_date":"2019-11-19","total_revenue":24360.32,"total_orders":1,"average_order_value":24360.32}
{"sale_date":"2023-03-02","total_revenue":82078.55,"total_orders":1,"average_order_value":82078.55}
{"sale_date":"2023-12-02","total_revenue":17314.2,"total_orders":1,"average_order_value":17314.2}
{"sale_date":"2024-08-22","total_revenue":17136.989999999998,"total_orders":2,"average_order_value":8568.494999999999}
{"sale_date":"2019-02-16","total_revenue":3016.79,"total_orders":1,"average_order_value":3016.79}
{"sale_date":"2023-08-28","total_revenue":1766.88,"total_orders":1,"average_order_value":1766.88}
{"sale_date":"2019-09-23","total_revenue":18981.84,"total_orders":1,"average_order_value":18981.84}
{"sale_date":"2019-08-21","total_revenue":14485.5,"total_orders":1,"average_order_value":14485.5}
{"sale_date":"2023-09-17","total_revenue":32557.04,"total_orders":1,"average_order_value":32557.04}
{"sale_date":"2020-06-10","total_revenue":16210.62,"total_orders":1,"average_order_value":16210.62}
{"sale_date":"2018-07-06","total_revenue":33852.5,"total_orders":1,"average_order_value":33852.5}
{"sale_date":"2021-04-11","total_revenue":32882.4,"total_orders":1,"average_order_value":32882.4}
{"sale_date":"2020-11-01","total_revenue":5377.92,"total_orders":1,"average_order_value":5377.92}
{"sale_date":"2024-01-26","total_revenue":12765.81,"total_orders":1,"average_order_value":12765.81}
{"sale_date":"2019-09-07","total_revenue":52303.04,"total_orders":1,"average_order_value":52303.04}
{"sale_date":"2018-09-03","total_revenue":12482.26,"total_orders":1,"average_order_value":12482.26}
{"sale_date":"2019-10-22","total_revenue":12083.89,"total_orders":1,"average_order_value":12083.89}
{"sale_date":"2022-11-22","total_revenue":27607.8,"total_orders":1,"average_order_value":27607.8}
{"sale_date":"2020-07-05","total_revenue":30357.24,"total_orders":1,"average_order_value":30357.24}
{"sale_date":"2024-01-24","total_revenue":27386.1,"total_orders":1,"average_order_value":27386.1}
{"sale_date":"2023-10-14","total_revenue":14310.94,"total_orders":1,"average_order_value":14310.94}
{"sale_date":"2023-02-21","total_revenue":72944.08,"total_orders":1,"average_order_value":72944.08}
{"sale_date":"2021-03-08","total_revenue":3874.72,"total_orders":1,"average_order_value":3874.72}
{"sale_date":"2022-03-08","total_revenue":54713.1,"total_orders":1,"average_order_value":54713.1}
{"sale_date":"2021-10-30","total_revenue":51350.22,"total_orders":1,"average_order_value":51350.22}
{"sale_date":"2018-12-08","total_revenue":11154.36,"total_orders":1,"average_order_value":11154.36}
{"sale_date":"2022-04-27","total_revenue":42292.8,"total_orders":1,"average_order_value":42292.8}
{"sale_date":"2024-09-23","total_revenue":11899.32,"total_orders":1,"average_order_value":11899.32}
{"sale_date":"2021-12-26","total_revenue":79575.36,"total_orders":1,"average_order_value":79575.36}
{"sale_date":"2021-11-29","total_revenue":16371.08,"total_orders":1,"average_order_value":16371.08}
